<record><leader>00000cas a22000007a 4500</leader><controlfield tag="001">17637272</controlfield><controlfield tag="008">880316d18uu1888gauwr ne      0    0eng d</controlfield><datafield ind1=" " ind2=" " tag="010"><subfield code="a">sn 88054004 </subfield></datafield><datafield ind1=" " ind2=" " tag="040"><subfield code="a">NLG</subfield><subfield code="b">eng</subfield><subfield code="c">NLG</subfield><subfield code="d">GUA</subfield><subfield code="d">OCLCQ</subfield><subfield code="d">OCLCF</subfield><subfield code="d">OCLCO</subfield></datafield><datafield ind1="1" ind2=" " tag="029"><subfield code="a">AU@</subfield><subfield code="b">000025805349</subfield></datafield><datafield ind1=" " ind2=" " tag="042"><subfield code="a">msc</subfield></datafield><datafield ind1=" " ind2=" " tag="043"><subfield code="a">n-us-ga</subfield></datafield><datafield ind1="0" ind2="0" tag="245"><subfield code="a">Cuthbert enterprise and appeal.</subfield></datafield><datafield ind1="1" ind2="3" tag="246"><subfield code="a">Enterprise and appeal</subfield></datafield><datafield ind1=" " ind2=" " tag="260"><subfield code="a">Cuthbert, Ga. :</subfield><subfield code="b">Stanford &amp; Cooper,</subfield><subfield code="c">-[1888]</subfield></datafield><datafield ind1=" " ind2=" " tag="300"><subfield code="a">v.</subfield></datafield><datafield ind1=" " ind2=" " tag="310"><subfield code="a">Weekly</subfield></datafield><datafield ind1="0" ind2=" " tag="362"><subfield code="a">-v. 8, no. 28 (Aug. 2, 1888).</subfield></datafield><datafield ind1=" " ind2=" " tag="530"><subfield code="a">Also on microfilm: Athens, Ga. : University of Georgia Libraries.</subfield></datafield><datafield ind1=" " ind2=" " tag="588"><subfield code="a">Description based on: Vol. 4, no. 28 (Aug. 21, 1884).</subfield></datafield><datafield ind1=" " ind2="0" tag="651"><subfield code="a">Cuthbert (Ga.)</subfield><subfield code="v">Newspapers.</subfield></datafield><datafield ind1=" " ind2="0" tag="651"><subfield code="a">Randolph County (Ga.)</subfield><subfield code="v">Newspapers.</subfield></datafield><datafield ind1=" " ind2="7" tag="655"><subfield code="a">Newspapers.</subfield><subfield code="2">fast</subfield><subfield code="0">(OCoLC)fst01423814</subfield></datafield><datafield ind1=" " ind2="7" tag="651"><subfield code="a">Georgia</subfield><subfield code="z">Cuthbert.</subfield><subfield code="2">fast</subfield><subfield code="0">(OCoLC)fst01216999</subfield></datafield><datafield ind1=" " ind2="7" tag="651"><subfield code="a">Georgia</subfield><subfield code="z">Randolph County.</subfield><subfield code="2">fast</subfield><subfield code="0">(OCoLC)fst01217183</subfield></datafield><datafield ind1=" " ind2=" " tag="752"><subfield code="a">United States</subfield><subfield code="b">Georgia</subfield><subfield code="c">Randolph</subfield><subfield code="d">Cuthbert.</subfield></datafield><datafield ind1="1" ind2="4" tag="780"><subfield code="t">Cuthbert appeal (Cuthbert, Ga. : 1866)</subfield><subfield code="w">(DLC)sn 85034045</subfield><subfield code="w">(OCoLC)12382712</subfield></datafield><datafield ind1="1" ind2="4" tag="780"><subfield code="t">Cuthbert enterprise</subfield><subfield code="w">(DLC)sn 88054002</subfield><subfield code="w">(OCoLC)17646006</subfield></datafield><datafield ind1="0" ind2="0" tag="785"><subfield code="t">Enterprise and appeal</subfield><subfield code="w">(DLC)sn 88054005</subfield><subfield code="w">(OCoLC)17637316</subfield></datafield></record>